@misc{paper:technischerbericht,
	author = "Christoph Meinel, Jan Renz, Catrina Grella, Nils Karn, Christiane Hagedorn",
    title = "Die Cloud für Schulen in Deutschland: Konzept und Pilotierung der Schul-Cloud",
    month = "March",
    year = "2017",
}

@misc{paper:breiterstolpmannzeising2015,
	author = " Andreas Breiter, Björn Eric Stolpmann, Anja Zeising",
	title="Szenarien lernförderlicher IT-Infrastrukturen in Schulen"
	year="2015" 
}
